<?xml version="1.0" encoding="UTF-8"?><collection xmlns="http://www.loc.gov/MARC21/slim"><record><leader>00502nam--2200193-u-4500</leader><controlfield tag="001">000054244</controlfield><controlfield tag="002">20161230</controlfield><controlfield tag="005">20161230201051</controlfield><controlfield tag="008">110919s1000------------r-----000-0-rus-d</controlfield><datafield ind1=" " ind2=" " tag="040"><subfield code="a">IFIN-HH</subfield></datafield><datafield ind1=" " ind2=" " tag="041"><subfield code="a">rus</subfield></datafield><datafield ind1=" " ind2=" " tag="080"><subfield code="a">538.3</subfield></datafield><datafield ind1="1" ind2=" " tag="100"><subfield code="a">Kulikovskii, A.G</subfield></datafield><datafield ind1="1" ind2="0" tag="245"><subfield code="a">Magnitnaia gidrodinamika</subfield><subfield code="c">A.g. kulikovskii, g.a. liubimov</subfield></datafield><datafield ind1=" " ind2=" " tag="260"><subfield code="a">Moskva</subfield><subfield code="b">Fiziko-matematiceskoi Literaturi</subfield><subfield code="c">1962</subfield></datafield><datafield ind1=" " ind2=" " tag="300"><subfield code="a">246P</subfield></datafield><datafield ind1="1" ind2=" " tag="700"><subfield code="a">Liubimov, G.A</subfield></datafield><datafield ind1=" " ind2=" " tag="852"><subfield code="a">8310</subfield><subfield code="c">538.4</subfield></datafield><datafield ind1=" " ind2=" " tag="CAT"><subfield code="a">Sys</subfield><subfield code="c">20110919</subfield><subfield code="h">151313</subfield></datafield></record></collection>